2835 3439
984 550 1826 641 Prooemium.

210 689 425 763 Μινύαι.
462 713 521 761 v.
553 716 633 771 19,
673 715 726 760 9:

722 850 725 853 ¹
821 802 923 852 Quis
952 804 1129 857 largitur
1157 813 1258 855 opes
1288 801 1419 842 veteri
1450 799 1615 853 fidoque
1645 802 1791 854 sodali,

598 871 649 912 10
935 872 1021 912 Aut
1050 882 1174 924 quem
1202 870 1469 924 prosequitur
1498 881 1580 912 non
1609 871 1770 912 alienus
1800 869 1961 924 eques?

819 938 1121 980 Saturnaliciae
1150 938 1323 991 ligulam
1351 937 1518 978 misisse
1547 937 1723 979 selibrae

931 1004 1309 1048 Flammarisve
1339 1009 1492 1058 togae
1523 1003 1704 1057 scripula
1732 1008 1821 1048 tota
1851 1006 1991 1048 decem

817 1074 1003 1115 Luxuria
1033 1078 1111 1124 est,
1142 1072 1374 1127 tumidique
1404 1076 1555 1114 vocant
1584 1071 1661 1113 hoc
1689 1084 1862 1115 munera
1890 1086 2029 1127 reges:

929 1140 1020 1192 Qui.
1037 1145 1178 1195 crepet
1206 1140 1410 1193 aureolos,
1439 1138 1617 1182 forsitan
1646 1152 1754 1182 unus
1783 1141 1874 1189 erit.

345 1223 605 1282 Quaeritur
641 1223 757 1287 qujd
791 1223 941 1271 lateat
973 1222 1025 1270 in
1059 1223 1195 1271 initio
1231 1229 1461 1287 corrupto
1498 1237 1667 1271 versus
1703 1218 1885 1287 quarti,
1922 1223 2003 1271 ubi
2046 1231 2121 1283 (ut
2155 1223 2371 1289 potiores
2407 1232 2596 1273 tantum

208 1301 400 1351 codices
454 1302 854 1370 commemorem)
907 1301 1198 1351 Thuaneus:
1269 1299 1696 1351 flammarisve
1747 1309 1969 1367 togere
1982 1304 2032 1351 ri
2090 1302 2251 1369 pala,
2322 1302 2595 1353 Palatinus:

205 1380 633 1432 flammarisve
668 1381 794 1432 tole
829 1381 1133 1447 scripula3
1188 1380 1369 1432 Aldina
1394 1390 1460 1451 ἱεἴ
1486 1380 1676 1431 Veneta
1710 1388 1913 1446 utraque
1948 1381 2384 1433 flammataeve
2419 1392 2598 1448 togae

207 1460 517 1526 scrupula.
590 1462 824 1512 Heinsius
861 1460 1105 1510 tentabat:
1156 1460 1583 1510 flammarisve
1619 1459 1815 1508 stolae
1864 1460 1943 1509 vel
1993 1460 2295 1511 lamnalis'
2329 1462 2596 1523 cotulae,

207 1556 331 1606 quae
366 1539 502 1589 nihili
538 1558 646 1591 esse
682 1550 901 1608 apparet.
972 1538 1197 1606 Scripula
1234 1546 1403 1606 (quam
1438 1556 1613 1589 vocem
1647 1538 1869 1589 codicum
1902 1540 2003 1589 fere
2041 1542 2261 1591 omnium
2294 1549 2455 1591 tuetur
2483 1559 2600 1592 con-

207 1620 402 1686 sensus)
438 1620 626 1671 nullam
661 1620 1015 1671 dubitationem
1049 1620 1344 1685 relinquunt,
1382 1619 1499 1685 quin
1533 1619 1825 1670 vocabulum
1850 1622 2084 1671 materiae
2114 1622 2359 1687 pretiosae
2376 1620 2588 1687 (argenti

206 1699 284 1747 vel
320 1699 443 1764 auri)
479 1707 528 1748 et
563 1700 759 1765 quidem
795 1699 1021 1765 genetivo
1058 1716 1174 1748 casu
1208 1697 1422 1763 positum
1449 1699 1782 1762 praecesserit,
1820 1699 1952 1748 velut
1986 1700 2061 1750 IX
2083 1702 2162 1762 88,
2202 1702 2258 1749 3:
2297 1700 2487 1766 argenti
2512 1716 2598 1748 sex

205 1777 418 1843 scripula
473 1777 757 1844 Septiciani.
860 1772 963 1828 'Sed
1015 1778 1162 1825 etiam
1214 1793 1389 1826 aurum
1428 1776 1553 1825 inter
1605 1795 1815 1827 munera
1867 1778 2196 1828 Saturnalicia
2240 1780 2444 1828 missum
2490 1795 2599 1829 esse

203 1864 408 1907 testatur
441 1857 679 1908 Martialis
715 1858 811 1908 hoc
845 1858 1019 1908 eodem
1054 1856 1179 1907 libro
1217 1859 1311 1907 59:

698 1947 819 1999 Quod
847 1961 929 1991 non
962 1953 1197 2003 argentum,
1225 1947 1337 2002 quod
1366 1961 1448 1990 non
1480 1947 1555 1990 tibi
1585 1949 1789 1992 mittimus
1819 1961 1978 1999 aurum,

813 2017 904 2060 Hoc
933 2016 1109 2060 facimus
1140 2030 1265 2061 causa
1295 2016 1427 2060 Stella
1456 2017 1613 2060 diserte
1644 2024 1738 2061 tua..

339 2085 464 2158 Item
499 2085 626 2135 XIII
662 2088 752 2135 48:

699 2167 931 2218 Argentum
961 2170 1090 2218 atque
1119 2178 1266 2208 aurum
1296 2165 1418 2208 facile
1447 2169 1513 2207 est
1541 2166 1786 2219 laenamque
1816 2171 2038 2221 togamque

807 2233 990 2284 Mittere,
1022 2234 1180 2276 boletos
1210 2234 1379 2276 mittere
1409 2232 1575 2276 difficile
1605 2239 1680 2276 est.

338 2299 519 2349 Nostro
556 2309 717 2350 autem
754 2319 899 2352 versu
935 2302 1145 2367 scripula
1178 2302 1262 2351 illa
1296 2302 1466 2351 decem
1500 2319 1674 2352 revera
1707 2304 1809 2352 auri
1845 2320 1951 2352 esse
1986 2301 2095 2351 ideo
2122 2302 2420 2368 putabimus,
2460 2301 2592 2366 quod

208 2380 463 2428 materiam
514 2380 649 2446 cujus
693 2381 934 2429 tantillum
986 2382 1133 2430 modo
1168 2382 1370 2430 mittitur
1421 2383 1756 2447 pretiosiorem
1809 2399 1917 2431 esse
1969 2398 2171 2431 necesse
2223 2389 2297 2429 est
2350 2398 2410 2428 ea
2461 2382 2597 2447 cujus

213 2459 391 2513 selibra
410 2458 563 2506 datur.
612 2458 701 2508 Sin
719 2468 880 2508 autem
899 2460 1098 2525 ligulam
1117 2460 1346 2509 selibram
1365 2461 1661 2527 pendentem
1689 2478 1779 2527 pro
1799 2469 2030 2528 argentea
2047 2460 2354 2521 habebimus,
2383 2461 2601 2526 sequitur

208 2538 420 2605 scripula
454 2554 557 2586 non
591 2556 738 2604 posse
774 2557 878 2588 non
917 2557 1025 2589 esse
1062 2556 1223 2589 aurea.
1296 2541 1440 2602 Quod
1476 2549 1641 2590 autem
1678 2542 1925 2607 epitheton
1961 2541 2064 2589 auri
2100 2540 2343 2589 vocabulo
2380 2540 2598 2589 additum
2628 2569 2630 2571 ·

207 2620 351 2669 fuerit
383 2625 546 2683 potest
582 2617 803 2666 dubitari.
867 2619 1105 2669 Codicum
1142 2620 1336 2684 quidem
1371 2619 1577 2668 lectione
1612 2621 1664 2668 in
1698 2621 2079 2669 flammantis
2098 2635 2166 2667 ve
2202 2636 2274 2667 au
2287 2620 2335 2676 ri
2370 2619 2595 2682 ferimur3

208 2707 282 2750 est
314 2706 480 2748 tamen
535 2712 621 2744 cur
662 2696 956 2748 flaventis
1009 2699 1157 2749 fuisse
1205 2706 1386 2765 putem.
1459 2699 1641 2750 Flavus
1696 2700 1831 2751 color
1882 2716 2001 2750 auro
2046 2699 2272 2765 proprius
2312 2706 2407 2761 est,
2465 2699 2598 2766 quod

197 2780 380 2829 flavum
418 2776 675 2849 'metallum
724 2778 857 2828 audit
891 2779 1015 2828 VIII
1050 2782 1130 2840 51,
1169 2782 1215 2829 5.
1290 2778 1365 2831 Cf.
1403 2779 1505 2828 XII
1542 2782 1621 2842 65,
1660 2783 1719 2830 6:
1775 2780 1835 2830 de
1886 2778 2085 2830 moneta
2140 2777 2371 2829 Caesaris
2427 2779 2598 2830 decem

206 2860 385 2921 flavos3
421 2857 473 2905 Π
508 2858 587 2918 43,
628 2861 718 2905 11;
756 2859 885 2908 flava
921 2858 1261 2926 chrysendeta.
1333 2860 1432 2909 XII
1464 2862 1544 2919 61,
1584 2863 1639 2909 3:
1677 2860 1860 2911 vellera
1892 2861 2059 2911 nativo
2096 2859 2316 2924 pendent
2350 2860 2435 2909 ubi
2468 2861 2599 2909 flava

199 2937 408 2987 metallo.
481 2936 569 2999 IX,
610 2940 688 3000 23,
730 2942 781 2987 1:
822 2938 865 2988 O
903 2939 978 2988 cui
1016 2939 1237 3004 virgineo
1272 2941 1536 2990 flavescere
1581 2940 1784 3005 contigit
1825 2958 1957 2990 auro.
2031 2938 2194 2989 Semel
2248 2940 2367 2989 dixit
2401 2940 2599 2989 fervens

198 3034 372 3065 aurum
407 3016 457 3065 X
495 3018 580 3077 74,
619 3020 675 3066 5:
734 3016 858 3067 Cum
914 3018 1130 3084 Scorpus
1183 3037 1281 3068 una
1335 3018 1610 3085 quindecim
1662 3035 1837 3085 graves
1887 3019 2009 3069 hora
2060 3019 2411 3069 Ferventis
2466 3019 2599 3068 auri
