2835 3439
1373 193 1409 237 21

176 331 332 382 victor
366 330 556 381 auferat
591 347 789 394 saccos3
845 330 929 380 ubi
965 330 1072 379 sine
1109 346 1257 380 causa
1291 331 1524 381 Heinsius
1559 331 1867 380 flaventis
1903 332 2173 398 proposuit.
2246 333 2373 386 Cum
2408 343 2571 384 autem

171 410 334 460 nullus
368 409 576 460 fortasse
611 417 760 477 poeta
795 410 920 460 adeo
955 418 1145 459 amator
1181 410 1255 458 sui
1291 411 1353 458 sit
1388 426 1446 457 ac
1480 411 1739 473 Martialis,
1793 427 1939 476 quem
1974 411 2128 458 semel
2160 412 2362 461 inventa
2395 415 2569 462 iterum

174 490 446 556 iterumque
481 498 704 555 repetere
743 506 846 539 non
884 487 1090 549 taedeat,
1129 490 1273 538 etiam
1309 496 1482 539 nostro
1526 491 1636 540 loco
1672 480 1955 540 alterutrum
1998 506 2110 540 eum
2145 493 2398 558 scripsisse
2432 502 2569 560 puta-

171 569 347 619 bimus.
429 569 652 619 Fervens
688 577 850 619 autem
898 584 1070 617 aurum
1116 584 1262 633 quum
1317 568 1377 617 de
1422 569 1654 635 ¹scripulis
1690 569 1858 618 decem
1895 568 1989 618 dici
2023 586 2127 619 non
2160 572 2398 637 potuerit,
2456 573 2566 623 fla·

168 650 376 699 ventis
436 649 762 699 restituemus.
870 647 1073 697 Accedit
1126 648 1258 713 quod
1302 648 1529 698 flaventis
1586 656 1638 697 ut
1689 647 1927 697 difficilius
1988 647 2238 699 intellectu
2279 650 2464 702 facilius
2516 653 2567 702 in

174 729 470 778 flammantis
504 729 682 778 mutari
717 729 875 794 potuit
909 744 1055 794 quam
1091 728 1195 777 vice
1231 745 1390 777 versa.
1463 727 1697 794 Legimus
1732 727 1901 794 igitur:

853 806 1158 849 Saturnaliciae
1189 807 1360 860 ligulam
1390 807 1555 849 misisse
1586 807 1776 859 selibrae,

966 868 1228 916 Flaveutisve
1260 877 1352 916 auri
1382 876 1564 926 scripula
1594 880 1684 917 tota
1713 876 1868 917 decem.

305 944 538 994 Ceterum
575 945 722 992 etiam
758 943 839 992 alii
872 944 968 993 loci
1012 944 1062 991 in
1098 943 1173 991 his
1221 943 1588 1008 epigrammatis
1633 943 1738 1008 jam
1779 943 1831 991 in
1875 944 2233 1009 exemplaribus
2287 945 2563 1015 archetypis

176 1023 245 1072 ita
280 1030 510 1089 corrupta
544 1023 760 1082 fuerunt,
800 1030 852 1070 ut
886 1038 978 1087 pro
1015 1022 1261 1070 vocabulo
1296 1038 1326 1069 a
1359 1030 1507 1086 poeta
1543 1023 1725 1087 scripto
1763 1022 1893 1071 aliud
1928 1023 2241 1071 substitutum
2278 1025 2353 1072 sit.
2424 1026 2569 1074 Velut

168 1103 215 1155 V
255 1106 332 1163 16,
369 1105 424 1151 5:
2334 1108 2336 1110 ’

727 1202 733 1205 -
784 1181 893 1224 Nam
922 1183 960 1224 si
991 1181 1167 1224 falciferi
1196 1179 1418 1223 defendere
1449 1181 1835 1234 templaTonantis
1865 1186 1943 1224 etc.

303 1252 548 1301 Tonantis
586 1268 761 1300 omnes
798 1250 940 1299 codd.
977 1250 1178 1309 habent,
1214 1259 1417 1315 excepto
1452 1249 1682 1299 Leidensi
1721 1268 1848 1300 saec.
1868 1250 1964 1300 XV
1999 1250 2050 1300 in
2087 1269 2185 1318 quo
2221 1260 2296 1302 est
2327 1253 2566 1303 sonantis.

173 1334 242 1382 At
276 1350 370 1381 nec
405 1333 586 1382 Jovem
623 1331 891 1379 falciferum
929 1330 1023 1378 dici
1057 1349 1229 1397 posse,
1267 1348 1360 1378 nec
1398 1330 1660 1379 Saturnum
1696 1338 1971 1391 tonantem,
2026 1331 2284 1396 inaperto
2321 1341 2411 1383 est.
2482 1333 2568 1385 Sa-

167 1421 364 1461 turnum
400 1412 747 1461 falciferum
785 1427 993 1459 senem
1030 1409 1148 1457 dixit
1182 1407 1415 1457 Martialis
1451 1408 1526 1458 XI
1564 1412 1608 1470 6,
1650 1413 1702 1471 13
1758 1409 1848 1458 sub
1895 1428 1991 1475 quo
2042 1418 2094 1460 ut
2139 1412 2206 1461 ait
2240 1411 2361 1478 (XII
2398 1415 2477 1474 62,
2517 1415 2567 1479 3)

162 1508 274 1539 nec
311 1491 527 1556 regale
564 1490 754 1539 nimis
790 1488 1024 1538 fulmen
1077 1505 1187 1537 nec
1221 1488 1481 1537 fulmine
1518 1488 1700 1554 digni.
1767 1488 1862 1549 Qui
1895 1489 2040 1554 igitur
2073 1497 2246 1556 pater
2287 1491 2367 1541 ille
2415 1494 2567 1558 opti-

161 1587 289 1619 mus
326 1580 499 1619 tonare
534 1568 724 1635 potuit?
760 1568 915 1617 Multo
943 1567 1103 1616 minus
1138 1577 1300 1615 autem
1338 1568 1555 1616 Tonanti
1590 1568 1689 1617 falx
1720 1568 1917 1618 Saturni
1954 1571 2196 1619 convenit.
2268 1570 2367 1621 Aut
2402 1574 2567 1622 omnia

166 1650 343 1699 fallunt
376 1658 461 1698 aut
497 1649 690 1714 scripsit
723 1636 899 1713 pbeta:

776 1727 884 1769 Nam
915 1727 951 1767 si
983 1726 1157 1767 falciferi
1191 1726 1413 1768 defendere
1445 1725 1602 1777 templa
1632 1726 1882 1778 parentis.

308 1796 618 1844 Vocabulum
655 1794 942 1861 parentis
979 1794 1152 1860 aliquis
1189 1811 1447 1858 perperam
1492 1793 1835 1857 interpretans,
1873 1793 2189 1860 adscripsisse
2226 1795 2416 1846 videtur
2452 1798 2565 1847 To-

168 1877 407 1935 nantis,
464 1876 593 1939 quod
647 1884 820 1939 postea
873 1875 924 1945 in
977 1874 1139 1922 locum
1183 1874 1426 1938 genuinae
1472 1873 1693 1922 lectionis
1739 1872 2051 1924 substitutum
2088 1883 2175 1924 est.
2247 1875 2324 1925 De
2362 1875 2560 1926 Saturni

168 1957 322 2022 igitur
371 1956 558 2022 templo
595 1973 872 2005 sermonem
919 1954 1015 2005 hoc
1057 1954 1167 2004 loco
1215 1970 1322 2003 esse
1367 1962 1591 2018 apparet:
1658 1952 1744 2002 sed
1797 1971 1884 2002 cur
1932 1952 1981 2003 id
2034 1954 2295 2007 defendere
2348 1955 2569 2007 dicantur

165 2037 444 2096 caussidici,
482 2052 562 2083 me
600 2035 842 2100 explicare
879 2053 981 2082 non
1016 2053 1164 2099 posse
1200 2035 1450 2082 confiteor.
2070 2031 2072 2034 ⁸

307 2114 462 2162 Simili
498 2116 647 2162 modo
684 2114 977 2162 vocabulum
1033 2115 1083 2161 in
1121 2114 1341 2177 margine
1387 2111 1683 2176 adscriptum
1736 2110 1786 2159 in
1835 2121 2016 2161 textum
2069 2114 2322 2179 irrepsisse
2377 2115 2565 2163 videtur

160 2194 210 2241 X
246 2197 327 2252 51,
366 2197 427 2241 5:

738 2275 850 2322 Quos
881 2274 1082 2315 Faustiue
1113 2273 1224 2322 dies,
1269 2273 1414 2325 quales
1452 2273 1528 2314 tibi
1559 2273 1690 2314 Roma
1718 2273 1992 2315 Ravennae

851 2341 1054 2384 Abstulit!
1117 2340 1151 2383 O
1183 2341 1303 2391 soles,
1335 2354 1358 2383 ο
1388 2341 1576 2383 tunicata
1606 2339 1743 2393 quies!

305 2411 566 2472 Quomodo
602 2411 870 2459 Ravennae
907 2411 986 2459 hic
1020 2410 1158 2459 locus
1195 2427 1302 2458 esse
1339 2418 1513 2475 potest,
1553 2427 1665 2458 cum
1701 2409 1760 2458 de
1796 2426 1991 2460 recessu
2017 2408 2363 2460 Tarracinensi
2400 2427 2562 2460 sermo

170 2491 267 2539 sit‘?
339 2491 535 2540 Scilicet
571 2491 714 2539 etiam
750 2491 845 2540 hoc
881 2489 1140 2554 adscripsit
1175 2490 1362 2554 aliquis,
1402 2490 1483 2554 qui
1513 2489 1608 2538 hoc
1645 2488 1952 2554 epigramma
1986 2489 2110 2540 limis
2149 2489 2300 2539 oculis
2335 2489 2559 2555 inspexit.

159 2570 433 2618 Martialem
470 2569 721 2635 scripsisse
757 2578 896 2636 puto:

620 2649 732 2700 Quos
763 2650 962 2692 Faustine
991 2650 1092 2702 dies,
1124 2650 1266 2703 quales
1298 2649 1374 2692 tibi
1404 2648 1536 2692 Roma
1565 2661 1809 2692 recessus
1841 2649 2042 2693 Abstulit!

164 2726 217 2767 ut
254 2718 447 2783 scripsit
483 2718 532 2766 X
568 2720 648 2778 58,
691 2723 739 2766 1:
811 2718 1025 2768 Anxuris
1071 2719 1298 2784 aequorei
1333 2717 1553 2784 placidos
1587 2718 1827 2768 Frontine
1862 2709 2108 2780 recessusss
2165 2717 2224 2767 cf.
2265 2716 2336 2766 VI
2373 2718 2453 2776 43,
2501 2717 2559 2765 9:

164 2798 298 2847 urbis
335 2798 498 2846 vicina
532 2797 797 2863 facilesque
841 2816 1063 2849 recessus
1117 2808 1165 2848 et
1198 2798 1382 2848 Pierios
1419 2814 1638 2848 recessus
1676 2798 1773 2848 VII
1810 2799 1888 2859 63,
1928 2801 1973 2848 3.
2028 2798 2094 2847 Et
2146 2797 2289 2846 video
2342 2812 2561 2846 recessus

154 2876 258 2942 jam
295 2877 566 2927 restitutum
603 2895 711 2927 esse
746 2878 797 2927 in
834 2878 909 2928 ed.
946 2878 1088 2928 Rom.
1132 2880 1275 2927 1473.
1675 2872 1678 2875 “

1169 2985 1196 2988 .-
1237 2985 1260 2988 ..
1286 2985 1342 2989 „w
1413 2985 1418 2989 .
1450 2984 1510 2989 ......
1540 2983 1571 2990 .,
